<record><leader>00000cas a22000007a 4500</leader><controlfield tag="001">17470669</controlfield><controlfield tag="008">880212d19281946deuwr ne      0    0eng d</controlfield><datafield ind1=" " ind2=" " tag="010"><subfield code="a">sn 87054004 </subfield></datafield><datafield ind1=" " ind2=" " tag="040"><subfield code="a">DEX</subfield><subfield code="b">eng</subfield><subfield code="c">DEX</subfield><subfield code="d">DLC</subfield><subfield code="d">DEX</subfield><subfield code="d">OCLCQ</subfield></datafield><datafield ind1=" " ind2=" " tag="042"><subfield code="a">msc</subfield></datafield><datafield ind1="0" ind2="0" tag="245"><subfield code="a">Delaware coast news.</subfield></datafield><datafield ind1=" " ind2=" " tag="260"><subfield code="a">Rehoboth Beach, Del. :</subfield><subfield code="b">R.B. Ingram</subfield></datafield><datafield ind1=" " ind2=" " tag="300"><subfield code="a">v.</subfield></datafield><datafield ind1=" " ind2=" " tag="310"><subfield code="a">Weekly</subfield></datafield><datafield ind1="1" ind2=" " tag="362"><subfield code="a">Began in Apr. 1928.</subfield></datafield><datafield ind1="0" ind2=" " tag="362"><subfield code="a">-18th yr., no. 37 (Mar. 22, 1946).</subfield></datafield><datafield ind1=" " ind2=" " tag="588"><subfield code="a">Description based on: 1st year, no. 7 (May 19, 1928).</subfield></datafield><datafield ind1=" " ind2=" " tag="752"><subfield code="a">United States</subfield><subfield code="b">Delaware</subfield><subfield code="c">Sussex</subfield><subfield code="d">Rehoboth Beach.</subfield></datafield><datafield ind1="0" ind2="0" tag="785"><subfield code="t">Public press and the Delaware coast news</subfield><subfield code="w">(DLC)sn 88053143</subfield></datafield><datafield ind1="1" ind2=" " tag="029"><subfield code="a">AU@</subfield><subfield code="b">000025825263</subfield></datafield></record>